@book{feynman-2010,
	author = {given-i=RP, given={Richard P.}, family=Feynman and given-i=AR, given={Albert R.}, family=Hibbs and given-i=DF, given={Daniel F.}, family=Styer},
	date = {2010-07-21},
	publisher = {Courier Corporation},
	title = {Quantum mechanics and path integrals},
}